<record><leader>00000cas a22000007a 4500</leader><controlfield tag="001">10215496</controlfield><controlfield tag="008">831213d18721874paudn ne      0    0eng d</controlfield><datafield ind1=" " ind2=" " tag="010"><subfield code="a">sn 83032211 </subfield></datafield><datafield ind1=" " ind2=" " tag="040"><subfield code="a">NPU</subfield><subfield code="b">eng</subfield><subfield code="c">NPU</subfield><subfield code="d">OCLCQ</subfield></datafield><datafield ind1=" " ind2=" " tag="042"><subfield code="a">msc</subfield></datafield><datafield ind1="0" ind2="0" tag="245"><subfield code="a">Daily mountain voice.</subfield></datafield><datafield ind1=" " ind2=" " tag="260"><subfield code="a">Johnstown, Pa. :</subfield><subfield code="b">James F. Campbell</subfield></datafield><datafield ind1=" " ind2=" " tag="300"><subfield code="a">v. ;</subfield><subfield code="c">56 cm.</subfield></datafield><datafield ind1=" " ind2=" " tag="310"><subfield code="a">Daily (except Sun.)</subfield></datafield><datafield ind1="1" ind2=" " tag="362"><subfield code="a">Began July 2, 1872; ceased in 1874.</subfield><subfield code="z">Cf. Salisbury, Pennsylvania newspapers.</subfield></datafield><datafield ind1=" " ind2=" " tag="500"><subfield code="a">Also issued in weekly edition called: Mountain voice.</subfield></datafield><datafield ind1=" " ind2=" " tag="588"><subfield code="a">Description based on: Vol. 1, no. 245 (Apr. 28, 1873).</subfield></datafield><datafield ind1=" " ind2=" " tag="752"><subfield code="a">United States</subfield><subfield code="b">Pennsylvania</subfield><subfield code="c">Cambria</subfield><subfield code="d">Johnstown.</subfield></datafield></record>